<?xml version="1.0" encoding="UTF-8" ?><marc:collection xmlns:marc="http://www.loc.gov/MARC21/slim" xmlns:xsi="http://www.w3.org/2001/XMLSchema-instance" xsi:schemaLocation="http://www.loc.gov/MARC21/slim http://www.loc.gov/standards/marcxml/schema/MARC21slim.xsd">
<marc:record><marc:leader>02159nam a2200445 i 4500</marc:leader>
<marc:controlfield tag="001">1503538778</marc:controlfield>
<marc:controlfield tag="005">20250228183929.5</marc:controlfield><marc:controlfield tag="008">250227s2025    ko a    ob    000 0 kor d</marc:controlfield><marc:controlfield tag="006">m     o  d        </marc:controlfield><marc:controlfield tag="007">cr ||||||||||</marc:controlfield><marc:datafield tag="040" ind1=" " ind2=" "><marc:subfield code="a">WAU</marc:subfield><marc:subfield code="b">eng</marc:subfield><marc:subfield code="e">rda</marc:subfield><marc:subfield code="e">pn</marc:subfield><marc:subfield code="c">WAU</marc:subfield><marc:subfield code="d">OCLCO</marc:subfield></marc:datafield><marc:datafield tag="020" ind1=" " ind2=" "><marc:subfield code="a">9791172611262</marc:subfield><marc:subfield code="q">(electronic bk.)</marc:subfield></marc:datafield><marc:datafield tag="043" ind1=" " ind2=" "><marc:subfield code="a">a-kr---</marc:subfield><marc:subfield code="a">a-ko---</marc:subfield></marc:datafield><marc:datafield tag="050" ind1=" " ind2="4"><marc:subfield code="a">BQ4570.W6</marc:subfield><marc:subfield code="b">P88 2025</marc:subfield></marc:datafield><marc:datafield tag="049" ind1=" " ind2=" "><marc:subfield code="a">WAUW</marc:subfield></marc:datafield><marc:datafield tag="245" ind1="0" ind2="0"><marc:subfield code="6">880-01</marc:subfield><marc:subfield code="a">Putta, sŏng kwa sarang ŭl mal hada :</marc:subfield><marc:subfield code="b">Pulgyo seksyuŏllit'i ŭi chaebalgyŏn = Sex &amp; love of Buddha /</marc:subfield><marc:subfield code="c">Hyŏn'gyŏng [and eight others] chiŭm.</marc:subfield></marc:datafield><marc:datafield tag="246" ind1="3" ind2="0"><marc:subfield code="6">880-02</marc:subfield><marc:subfield code="a">Pulgyo seksyuŏllit'i ŭi chaebalgyŏn</marc:subfield></marc:datafield><marc:datafield tag="246" ind1="3" ind2="1"><marc:subfield code="a">Sex &amp; love of Buddha</marc:subfield></marc:datafield><marc:datafield tag="246" ind1="3" ind2=" "><marc:subfield code="a">Sex and love of Buddha</marc:subfield></marc:datafield><marc:datafield tag="264" ind1=" " ind2="1"><marc:subfield code="6">880-03</marc:subfield><marc:subfield code="a">Sŏul-si :</marc:subfield><marc:subfield code="b">Pulgwang Ch'ulp'ansa,</marc:subfield><marc:subfield code="c">2025.</marc:subfield></marc:datafield><marc:datafield tag="300" ind1=" " ind2=" "><marc:subfield code="a">1 online resource :</marc:subfield><marc:subfield code="b">illustrations</marc:subfield></marc:datafield><marc:datafield tag="336" ind1=" " ind2=" "><marc:subfield code="a">text</marc:subfield><marc:subfield code="b">txt</marc:subfield><marc:subfield code="2">rdacontent</marc:subfield></marc:datafield><marc:datafield tag="337" ind1=" " ind2=" "><marc:subfield code="a">computer</marc:subfield><marc:subfield code="b">c</marc:subfield><marc:subfield code="2">rdamedia</marc:subfield></marc:datafield><marc:datafield tag="338" ind1=" " ind2=" "><marc:subfield code="a">online resource</marc:subfield><marc:subfield code="b">cr</marc:subfield><marc:subfield code="2">rdacarrier</marc:subfield></marc:datafield><marc:datafield tag="504" ind1=" " ind2=" "><marc:subfield code="a">Includes bibliographical references.</marc:subfield></marc:datafield><marc:datafield tag="588" ind1="0" ind2=" "><marc:subfield code="a">Online resource; title from digital title page (Kyobo, viewed February 27, 2025).</marc:subfield></marc:datafield><marc:datafield tag="650" ind1=" " ind2="0"><marc:subfield code="a">Women</marc:subfield><marc:subfield code="x">Religious aspects</marc:subfield><marc:subfield code="x">Buddhism.</marc:subfield></marc:datafield><marc:datafield tag="650" ind1=" " ind2="0"><marc:subfield code="a">Feminism</marc:subfield><marc:subfield code="x">Religious aspects</marc:subfield><marc:subfield code="x">Buddhism.</marc:subfield></marc:datafield><marc:datafield tag="650" ind1=" " ind2="0"><marc:subfield code="a">Sex</marc:subfield><marc:subfield code="x">Religious aspects</marc:subfield><marc:subfield code="x">Buddhism.</marc:subfield></marc:datafield><marc:datafield tag="650" ind1=" " ind2="0"><marc:subfield code="a">Buddhism</marc:subfield><marc:subfield code="z">Korea</marc:subfield><marc:subfield code="x">History.</marc:subfield></marc:datafield><marc:datafield tag="650" ind1=" " ind2="6"><marc:subfield code="a">Femmes</marc:subfield><marc:subfield code="x">Aspect religieux</marc:subfield><marc:subfield code="x">Bouddhisme.</marc:subfield><marc:subfield code="0">(CaQQLa)201-0221131</marc:subfield></marc:datafield><marc:datafield tag="650" ind1=" " ind2="6"><marc:subfield code="a">Féminisme</marc:subfield><marc:subfield code="x">Aspect religieux</marc:subfield><marc:subfield code="x">Bouddhisme.</marc:subfield><marc:subfield code="0">(CaQQLa)000310510</marc:subfield></marc:datafield><marc:datafield tag="650" ind1=" " ind2="6"><marc:subfield code="a">Sexualité</marc:subfield><marc:subfield code="x">Aspect religieux</marc:subfield><marc:subfield code="x">Bouddhisme.</marc:subfield><marc:subfield code="0">(CaQQLa)000319965</marc:subfield></marc:datafield><marc:datafield tag="650" ind1=" " ind2="6"><marc:subfield code="a">Bouddhisme</marc:subfield><marc:subfield code="z">Corée</marc:subfield><marc:subfield code="x">Histoire.</marc:subfield><marc:subfield code="0">(CaQQLa)201-0258309</marc:subfield></marc:datafield><marc:datafield tag="700" ind1="1" ind2=" "><marc:subfield code="a">Chung, Hyun Kyung,</marc:subfield><marc:subfield code="e">author.</marc:subfield><marc:subfield code="1">https://id.oclc.org/worldcat/entity/E39PBJfX49hYKRPwrXm9hvkkXd</marc:subfield></marc:datafield><marc:datafield tag="776" ind1="0" ind2="8"><marc:subfield code="i">Print version:</marc:subfield><marc:subfield code="t">Putta, sŏng kwa sarang ŭl mal hada.</marc:subfield><marc:subfield code="b">Ch'op'an.</marc:subfield><marc:subfield code="d">Sŏul-si : Pulgwang Ch'ulp'ansa, 2025</marc:subfield><marc:subfield code="z">9791172611224</marc:subfield><marc:subfield code="w">(OCoLC)1501208084</marc:subfield></marc:datafield><marc:datafield tag="880" ind1="0" ind2="0"><marc:subfield code="6">245-01/$1</marc:subfield><marc:subfield code="a">붓다, 성 과 사랑 을 말 하다 :</marc:subfield><marc:subfield code="b">불교 섹슈얼리티 의 재발견 = Sex &amp; love of Buddha /</marc:subfield><marc:subfield code="c">현경 [and eight others] 지음.</marc:subfield></marc:datafield><marc:datafield tag="880" ind1="3" ind2="0"><marc:subfield code="6">246-02/$1</marc:subfield><marc:subfield code="a">불교 섹슈얼리티 의 재발견</marc:subfield></marc:datafield><marc:datafield tag="880" ind1=" " ind2="1"><marc:subfield code="6">264-03/$1</marc:subfield><marc:subfield code="a">서울시 :</marc:subfield><marc:subfield code="b">불광 출판사,</marc:subfield><marc:subfield code="c">2025.</marc:subfield></marc:datafield><marc:datafield tag="066" ind1=" " ind2=" "><marc:subfield code="c">$1</marc:subfield></marc:datafield></marc:record>