
<marc:record><marc:leader>01846nam a2200313 i 4500</marc:leader>
<marc:controlfield tag="001">1517264577</marc:controlfield>
<marc:controlfield tag="005">20250425180828.1</marc:controlfield><marc:controlfield tag="008">250424s2025    gaua     c    000 0deng  </marc:controlfield><marc:datafield tag="040" ind1=" " ind2=" "><marc:subfield code="a">WAU</marc:subfield><marc:subfield code="b">eng</marc:subfield><marc:subfield code="e">rda</marc:subfield><marc:subfield code="c">WAU</marc:subfield><marc:subfield code="d">OCLCO</marc:subfield></marc:datafield><marc:datafield tag="020" ind1=" " ind2=" "><marc:subfield code="a">9798992017502</marc:subfield><marc:subfield code="q">paperback</marc:subfield></marc:datafield><marc:datafield tag="043" ind1=" " ind2=" "><marc:subfield code="a">n-usp--</marc:subfield><marc:subfield code="a">n-us-ga</marc:subfield></marc:datafield><marc:datafield tag="050" ind1=" " ind2="4"><marc:subfield code="a">N6526</marc:subfield><marc:subfield code="b">.W66 2025</marc:subfield></marc:datafield><marc:datafield tag="049" ind1=" " ind2=" "><marc:subfield code="a">WAUW</marc:subfield></marc:datafield><marc:datafield tag="245" ind1="0" ind2="0"><marc:subfield code="a">Women of the Pacific Northwest :</marc:subfield><marc:subfield code="b">The Bo Bartlett Center, Columbus State University, Columbus, Georgia, January 18-April 26, 2025..</marc:subfield></marc:datafield><marc:datafield tag="264" ind1=" " ind2="1"><marc:subfield code="a">Columbus, Georgia :</marc:subfield><marc:subfield code="b">The Bo Bartlett Center, Columbus State University,</marc:subfield><marc:subfield code="c">[2025?]</marc:subfield></marc:datafield><marc:datafield tag="300" ind1=" " ind2=" "><marc:subfield code="a">60 pages :</marc:subfield><marc:subfield code="b">illustrations (chiefly color) ;</marc:subfield><marc:subfield code="c">24 x 24 cm</marc:subfield></marc:datafield><marc:datafield tag="336" ind1=" " ind2=" "><marc:subfield code="a">text</marc:subfield><marc:subfield code="b">txt</marc:subfield><marc:subfield code="2">rdacontent</marc:subfield></marc:datafield><marc:datafield tag="336" ind1=" " ind2=" "><marc:subfield code="a">still image</marc:subfield><marc:subfield code="b">sti</marc:subfield><marc:subfield code="2">rdacontent</marc:subfield></marc:datafield><marc:datafield tag="337" ind1=" " ind2=" "><marc:subfield code="a">unmediated</marc:subfield><marc:subfield code="b">n</marc:subfield><marc:subfield code="2">rdamedia</marc:subfield></marc:datafield><marc:datafield tag="338" ind1=" " ind2=" "><marc:subfield code="a">volume</marc:subfield><marc:subfield code="b">nc</marc:subfield><marc:subfield code="2">rdacarrier</marc:subfield></marc:datafield><marc:datafield tag="505" ind1="0" ind2=" "><marc:subfield code="a">Exhibition essay / Betsy Eby -- Marie Watt -- Jaq Chartier -- Lisa Jarrett -- Betsy Eby -- Katy Stone -- Etsuko Ichikawa -- Brenda Mallory -- Emily Gherard -- Ann Gardner -- Drie Chapek -- Susan Zoccola -- Victoria Adams -- Susan Dory -- Julie Speidel -- Exhibition checklist -- About the Bo Bartlett Center.</marc:subfield></marc:datafield><marc:datafield tag="520" ind1=" " ind2=" "><marc:subfield code="a">&quot;This exhibition highlights female artists whose work is rooted in material exploration within the tradition of Northwest influences and how environment shapes visual vocabularies and concepts&quot;--</marc:subfield><marc:subfield code="c">Provided by publisher.</marc:subfield></marc:datafield><marc:datafield tag="650" ind1=" " ind2="0"><marc:subfield code="a">Women artists</marc:subfield><marc:subfield code="z">Northwest, Pacific</marc:subfield><marc:subfield code="v">Exhibitions.</marc:subfield></marc:datafield><marc:datafield tag="650" ind1=" " ind2="0"><marc:subfield code="a">Art, American</marc:subfield><marc:subfield code="z">Northwest, Pacific</marc:subfield><marc:subfield code="y">21st century</marc:subfield><marc:subfield code="v">Exhibitions.</marc:subfield></marc:datafield><marc:datafield tag="655" ind1=" " ind2="7"><marc:subfield code="a">exhibition catalogs.</marc:subfield><marc:subfield code="2">aat</marc:subfield><marc:subfield code="0">(CStmoGRI)aatgf300026096</marc:subfield></marc:datafield><marc:datafield tag="655" ind1=" " ind2="7"><marc:subfield code="a">Exhibition catalogs.</marc:subfield><marc:subfield code="2">lcgft</marc:subfield></marc:datafield><marc:datafield tag="655" ind1=" " ind2="7"><marc:subfield code="a">Catalogues d'exposition.</marc:subfield><marc:subfield code="2">rvmgf</marc:subfield><marc:subfield code="0">(CaQQLa)RVMGF-000001063</marc:subfield></marc:datafield><marc:datafield tag="700" ind1="1" ind2=" "><marc:subfield code="a">Eby, Betsy,</marc:subfield><marc:subfield code="d">1967-</marc:subfield><marc:subfield code="e">curator,</marc:subfield><marc:subfield code="e">contributor.</marc:subfield><marc:subfield code="1">https://id.oclc.org/worldcat/entity/E39PBJcBVbwbyjvKT9WX8KxkXd</marc:subfield></marc:datafield><marc:datafield tag="710" ind1="2" ind2=" "><marc:subfield code="a">Bo Bartlett Center,</marc:subfield><marc:subfield code="e">host institution.</marc:subfield></marc:datafield></marc:record>