
<marc:record><marc:leader>03327ckcaa22004577i 4500</marc:leader>
<marc:controlfield tag="001">1055563887</marc:controlfield>
<marc:controlfield tag="005">20240202180208.2</marc:controlfield><marc:controlfield tag="008">181003e20170702xx nnn            kneng d</marc:controlfield><marc:datafield tag="040" ind1=" " ind2=" "><marc:subfield code="a">WAU</marc:subfield><marc:subfield code="b">eng</marc:subfield><marc:subfield code="e">rda</marc:subfield><marc:subfield code="e">dacs</marc:subfield><marc:subfield code="c">WAU</marc:subfield><marc:subfield code="d">OCLCF</marc:subfield><marc:subfield code="d">OCLCO</marc:subfield><marc:subfield code="d">OCLCQ</marc:subfield><marc:subfield code="d">OCLCO</marc:subfield><marc:subfield code="d">OCLCL</marc:subfield></marc:datafield><marc:datafield tag="043" ind1=" " ind2=" "><marc:subfield code="a">n-us-wa</marc:subfield></marc:datafield><marc:datafield tag="046" ind1=" " ind2=" "><marc:subfield code="k">2017-07-02</marc:subfield><marc:subfield code="2">edtf</marc:subfield></marc:datafield><marc:datafield tag="049" ind1=" " ind2=" "><marc:subfield code="a">WAUW</marc:subfield></marc:datafield><marc:datafield tag="100" ind1="1" ind2=" "><marc:subfield code="a">Gerhard, John</marc:subfield><marc:subfield code="c">(Photographer),</marc:subfield><marc:subfield code="e">creator.</marc:subfield><marc:subfield code="1">https://id.oclc.org/worldcat/entity/E39PCjrQdpRC4B3vGRTyQRX9cK</marc:subfield></marc:datafield><marc:datafield tag="245" ind1="1" ind2="0"><marc:subfield code="a">Seattle Trump impeachment march photograph collection.</marc:subfield></marc:datafield><marc:datafield tag="264" ind1=" " ind2="0"><marc:subfield code="c">July 2, 2017</marc:subfield></marc:datafield><marc:datafield tag="300" ind1=" " ind2=" "><marc:subfield code="a">58</marc:subfield><marc:subfield code="f">digital photographs</marc:subfield></marc:datafield><marc:datafield tag="336" ind1=" " ind2=" "><marc:subfield code="a">still image</marc:subfield><marc:subfield code="b">sti</marc:subfield><marc:subfield code="2">rdacontent</marc:subfield></marc:datafield><marc:datafield tag="337" ind1=" " ind2=" "><marc:subfield code="a">computer</marc:subfield><marc:subfield code="b">c</marc:subfield><marc:subfield code="2">rdamedia</marc:subfield></marc:datafield><marc:datafield tag="338" ind1=" " ind2=" "><marc:subfield code="a">online resource</marc:subfield><marc:subfield code="b">cr</marc:subfield><marc:subfield code="2">rdacarrier</marc:subfield></marc:datafield><marc:datafield tag="545" ind1="1" ind2=" "><marc:subfield code="a">On July 2, 2017, around 100 people attended a march to demand the impeachment of President Donald Trump. The march was organized in part by Free Speech for People and Indivisible groups. The protestors demanded that President Trump be held accountable for his foreign business dealings, travel bans, the widening investigation into his campaign's relationship with Russia, the banning of cameras from press briefings, as well as what they perceive to be his violations of the Constitution. Organizers contend that President Trump has violated at least three articles of the constitution, including the Foreign Emoluments Clause, the Domestic Emoluments Clause, and obstruction of justice. The group of concerned citizens rallied at Seattle Center at 11am before marching down 2nd Avenue to end at the Federal Building at 2nd Avenue and Marion Street.</marc:subfield></marc:datafield><marc:datafield tag="520" ind1="2" ind2=" "><marc:subfield code="a">Photographs from the Seattle Trump Impeachment March, July 2, 2017.</marc:subfield></marc:datafield><marc:datafield tag="506" ind1=" " ind2=" "><marc:subfield code="a">The collection is entirely digital and can be viewed only on the Libraries Digital Collections website.</marc:subfield></marc:datafield><marc:datafield tag="540" ind1=" " ind2=" "><marc:subfield code="a">Photographer's rights transferred to the University of Washington Libraries Special Collections.</marc:subfield></marc:datafield><marc:datafield tag="541" ind1="1" ind2=" "><marc:subfield code="c">Donor:</marc:subfield><marc:subfield code="a">John Gerhard,</marc:subfield><marc:subfield code="d">January 23, 2018.</marc:subfield></marc:datafield><marc:datafield tag="600" ind1="1" ind2="0"><marc:subfield code="a">Gerhard, John</marc:subfield><marc:subfield code="c">(Photographer)</marc:subfield><marc:subfield code="v">Archives.</marc:subfield></marc:datafield><marc:datafield tag="600" ind1="1" ind2="0"><marc:subfield code="a">Trump, Donald,</marc:subfield><marc:subfield code="d">1946-</marc:subfield><marc:subfield code="x">Impeachment.</marc:subfield></marc:datafield><marc:datafield tag="650" ind1=" " ind2="0"><marc:subfield code="a">Demonstrations</marc:subfield><marc:subfield code="z">Washington (State)</marc:subfield><marc:subfield code="z">Seattle</marc:subfield><marc:subfield code="v">Photographs.</marc:subfield></marc:datafield><marc:datafield tag="651" ind1=" " ind2="0"><marc:subfield code="a">Seattle (Wash.)</marc:subfield><marc:subfield code="v">Photographs.</marc:subfield></marc:datafield><marc:datafield tag="650" ind1=" " ind2="6"><marc:subfield code="a">Manifestations</marc:subfield><marc:subfield code="0">(CaQQLa)201-0012239</marc:subfield><marc:subfield code="z">Washington (État)</marc:subfield><marc:subfield code="0">(CaQQLa)201-0394837</marc:subfield><marc:subfield code="z">Seattle</marc:subfield><marc:subfield code="0">(CaQQLa)201-0394837</marc:subfield><marc:subfield code="v">Photographies.</marc:subfield><marc:subfield code="0">(CaQQLa)201-0378097</marc:subfield></marc:datafield><marc:datafield tag="600" ind1="1" ind2="7"><marc:subfield code="a">Trump, Donald,</marc:subfield><marc:subfield code="d">1946-</marc:subfield><marc:subfield code="2">fast</marc:subfield><marc:subfield code="0">(OCoLC)fst00174117</marc:subfield><marc:subfield code="1">https://id.oclc.org/worldcat/entity/E39PBJdx6kjDbQc3ddXKHrxbh3</marc:subfield></marc:datafield><marc:datafield tag="650" ind1=" " ind2="7"><marc:subfield code="a">Demonstrations.</marc:subfield><marc:subfield code="2">fast</marc:subfield><marc:subfield code="0">(OCoLC)fst00890222</marc:subfield></marc:datafield><marc:datafield tag="650" ind1=" " ind2="7"><marc:subfield code="a">Impeachments.</marc:subfield><marc:subfield code="2">fast</marc:subfield><marc:subfield code="0">(OCoLC)fst00968081</marc:subfield></marc:datafield><marc:datafield tag="651" ind1=" " ind2="7"><marc:subfield code="a">Washington (State)</marc:subfield><marc:subfield code="z">Seattle.</marc:subfield><marc:subfield code="2">fast</marc:subfield><marc:subfield code="0">(OCoLC)fst01204940</marc:subfield><marc:subfield code="1">https://id.oclc.org/worldcat/entity/E39PBJrWFwxmr6yX7fxxbMJv73</marc:subfield></marc:datafield><marc:datafield tag="655" ind1=" " ind2="2"><marc:subfield code="a">Photograph</marc:subfield><marc:subfield code="0">(DNLM)D059036</marc:subfield></marc:datafield><marc:datafield tag="655" ind1=" " ind2="7"><marc:subfield code="a">photographs.</marc:subfield><marc:subfield code="2">aat</marc:subfield><marc:subfield code="0">(CStmoGRI)aatgf300046300</marc:subfield></marc:datafield><marc:datafield tag="655" ind1=" " ind2="7"><marc:subfield code="a">Archives.</marc:subfield><marc:subfield code="2">fast</marc:subfield><marc:subfield code="0">(OCoLC)fst01423700</marc:subfield></marc:datafield><marc:datafield tag="655" ind1=" " ind2="7"><marc:subfield code="a">Photographs.</marc:subfield><marc:subfield code="2">fast</marc:subfield><marc:subfield code="0">(OCoLC)fst01423689</marc:subfield></marc:datafield><marc:datafield tag="655" ind1=" " ind2="7"><marc:subfield code="a">Photographs.</marc:subfield><marc:subfield code="2">lcgft</marc:subfield></marc:datafield><marc:datafield tag="655" ind1=" " ind2="7"><marc:subfield code="a">Photographies.</marc:subfield><marc:subfield code="2">rvmgf</marc:subfield><marc:subfield code="0">(CaQQLa)RVMGF-000001676</marc:subfield></marc:datafield><marc:datafield tag="758" ind1=" " ind2=" "><marc:subfield code="i">has work:</marc:subfield><marc:subfield code="a">Seattle Trump impeachment march photograph collection (StillImage)</marc:subfield><marc:subfield code="1">https://id.oclc.org/worldcat/entity/E39PCFFHp3cHjmDBVYY936wRyq</marc:subfield><marc:subfield code="4">https://id.oclc.org/worldcat/ontology/hasWork</marc:subfield></marc:datafield><marc:datafield tag="856" ind1="4" ind2="2"><marc:subfield code="u">http://archiveswest.orbiscascade.org/ark:/80444/xv944365</marc:subfield><marc:subfield code="z">Connect to the online finding aid for this collection.</marc:subfield></marc:datafield></marc:record>