
<marc:record><marc:leader>01249njcaa22002533i 4500</marc:leader>
<marc:controlfield tag="001">1268148545</marc:controlfield>
<marc:controlfield tag="005">20240210061653.1</marc:controlfield><marc:controlfield tag="008">210914s2018    xx   nn           n eng  </marc:controlfield><marc:datafield tag="040" ind1=" " ind2=" "><marc:subfield code="a">WAU</marc:subfield><marc:subfield code="b">eng</marc:subfield><marc:subfield code="e">rda</marc:subfield><marc:subfield code="e">dacs</marc:subfield><marc:subfield code="c">WAU</marc:subfield><marc:subfield code="d">OCLCL</marc:subfield></marc:datafield><marc:datafield tag="046" ind1=" " ind2=" "><marc:subfield code="k">2018-05-17</marc:subfield><marc:subfield code="2">edtf</marc:subfield></marc:datafield><marc:datafield tag="049" ind1=" " ind2=" "><marc:subfield code="a">WAUW</marc:subfield></marc:datafield><marc:datafield tag="100" ind1="1" ind2=" "><marc:subfield code="a">University of Washington Ethnomusicology Archives,</marc:subfield><marc:subfield code="e">creator.</marc:subfield></marc:datafield><marc:datafield tag="245" ind1="1" ind2="0"><marc:subfield code="a">UW FAKE concert recordings: Rob Zim.</marc:subfield></marc:datafield><marc:datafield tag="264" ind1=" " ind2="0"><marc:subfield code="c">2018 May 17</marc:subfield></marc:datafield><marc:datafield tag="336" ind1=" " ind2=" "><marc:subfield code="a">performed music</marc:subfield><marc:subfield code="b">prm</marc:subfield><marc:subfield code="2">rdacontent</marc:subfield></marc:datafield><marc:datafield tag="337" ind1=" " ind2=" "><marc:subfield code="a">audio</marc:subfield><marc:subfield code="b">s</marc:subfield><marc:subfield code="2">rdamedia</marc:subfield></marc:datafield><marc:datafield tag="338" ind1=" " ind2=" "><marc:subfield code="a">audiotape reel</marc:subfield><marc:subfield code="b">st</marc:subfield><marc:subfield code="2">rdacarrier</marc:subfield></marc:datafield><marc:datafield tag="545" ind1="0" ind2=" "><marc:subfield code="a">He was born and then palyed some music.</marc:subfield></marc:datafield><marc:datafield tag="520" ind1="2" ind2=" "><marc:subfield code="a">Cool Stuff</marc:subfield></marc:datafield><marc:datafield tag="506" ind1=" " ind2=" "><marc:subfield code="a">For terms of access, contact the University of Washington Libraries Ethnomusicology Archives.</marc:subfield></marc:datafield><marc:datafield tag="540" ind1=" " ind2=" "><marc:subfield code="a">Restrictions may exist on reproduction, publication and use. Contact the University of Washington Libraries Ethnomusicology Archives for more information.</marc:subfield></marc:datafield><marc:datafield tag="546" ind1=" " ind2=" "><marc:subfield code="a">Collection materials are in English.</marc:subfield></marc:datafield><marc:datafield tag="758" ind1=" " ind2=" "><marc:subfield code="i">has work:</marc:subfield><marc:subfield code="a">UW FAKE concert recordings: Rob Zim (Music)</marc:subfield><marc:subfield code="1">https://id.oclc.org/worldcat/entity/E39PCYJXrm84qtDm9xQyCxTfv3</marc:subfield><marc:subfield code="4">https://id.oclc.org/worldcat/ontology/hasWork</marc:subfield></marc:datafield><marc:datafield tag="856" ind1="4" ind2="2"><marc:subfield code="u">http://archiveswest.orbiscascade.org/ark:/80444/xv509551</marc:subfield><marc:subfield code="z">Connect to the online finding aid for this collection</marc:subfield></marc:datafield></marc:record>