
<marc:record><marc:leader>04044cmmaa2200613 i 4500</marc:leader>
<marc:controlfield tag="001">1332964586</marc:controlfield>
<marc:controlfield tag="005">20230914001659.1</marc:controlfield><marc:controlfield tag="008">220624m20192020xx      q  d        eng d</marc:controlfield><marc:datafield tag="040" ind1=" " ind2=" "><marc:subfield code="a">WAU</marc:subfield><marc:subfield code="b">eng</marc:subfield><marc:subfield code="e">rda</marc:subfield><marc:subfield code="e">dacs</marc:subfield><marc:subfield code="c">WAU</marc:subfield><marc:subfield code="d">WAU</marc:subfield><marc:subfield code="d">OCLCF</marc:subfield><marc:subfield code="d">OCLCO</marc:subfield></marc:datafield><marc:datafield tag="041" ind1="0" ind2=" "><marc:subfield code="a">eng</marc:subfield><marc:subfield code="a">spa</marc:subfield><marc:subfield code="a">que</marc:subfield></marc:datafield><marc:datafield tag="046" ind1=" " ind2=" "><marc:subfield code="o">2019</marc:subfield><marc:subfield code="p">2020</marc:subfield><marc:subfield code="2">edtf</marc:subfield></marc:datafield><marc:datafield tag="049" ind1=" " ind2=" "><marc:subfield code="a">WAUW</marc:subfield></marc:datafield><marc:datafield tag="100" ind1="1" ind2=" "><marc:subfield code="a">White, John Robert,</marc:subfield><marc:subfield code="e">creator.</marc:subfield></marc:datafield><marc:datafield tag="245" ind1="1" ind2="0"><marc:subfield code="a">John White papers.</marc:subfield></marc:datafield><marc:datafield tag="264" ind1=" " ind2="0"><marc:subfield code="c">2019-2020.</marc:subfield></marc:datafield><marc:datafield tag="300" ind1=" " ind2=" "><marc:subfield code="a">0.155 GB (21 files)</marc:subfield></marc:datafield><marc:datafield tag="336" ind1=" " ind2=" "><marc:subfield code="a">text</marc:subfield><marc:subfield code="b">txt</marc:subfield><marc:subfield code="2">rdacontent</marc:subfield></marc:datafield><marc:datafield tag="337" ind1=" " ind2=" "><marc:subfield code="a">computer</marc:subfield><marc:subfield code="b">c</marc:subfield><marc:subfield code="2">rdamedia</marc:subfield></marc:datafield><marc:datafield tag="338" ind1=" " ind2=" "><marc:subfield code="a">computer disc</marc:subfield><marc:subfield code="b">cd</marc:subfield><marc:subfield code="2">rdacarrier</marc:subfield></marc:datafield><marc:datafield tag="347" ind1=" " ind2=" "><marc:subfield code="a">text file</marc:subfield><marc:subfield code="2">rdaft</marc:subfield></marc:datafield><marc:datafield tag="347" ind1=" " ind2=" "><marc:subfield code="b">PDF</marc:subfield></marc:datafield><marc:datafield tag="351" ind1=" " ind2=" "><marc:subfield code="a">Arranged in 5 series: Series 1, Entrevista Comunidad Mondayacu -- Series 2, Entrevista 2 -- Series 3, Encuestas -- Series 4, Entrevista Mondayacu -- Series 5, Jacob Research Fund Report</marc:subfield></marc:datafield><marc:datafield tag="386" ind1=" " ind2=" "><marc:subfield code="3">Researcher:</marc:subfield><marc:subfield code="a">Americans</marc:subfield><marc:subfield code="2">lcdgt</marc:subfield></marc:datafield><marc:datafield tag="386" ind1=" " ind2=" "><marc:subfield code="3">Interviewees:</marc:subfield><marc:subfield code="a">Ecuadorians</marc:subfield><marc:subfield code="2">lcdgt</marc:subfield></marc:datafield><marc:datafield tag="545" ind1="0" ind2=" "><marc:subfield code="a">As of 2022, John Robert White is a PhD candidate at the Tulane University studying Indigenous conceptualizations and interactions with plant domestication and diversification. White completed his MSc in ethnobotany at the University of Kent at Canterbury, England. White investigates how Indigenous Runa farmers think about and modify food crop and crop wild relative diversity in Ecuador's Tropical Andean-Amazonian interface. White has received multiple awards from the Foreign Language and Area Studies (FLAS) program, Jacobs Research Funds, Lewis and Clark Funds, National Science Foundation DDRIG, and Fulbright-Hays DDRA.</marc:subfield></marc:datafield><marc:datafield tag="520" ind1="2" ind2=" "><marc:subfield code="a">Notes from 2019-2020 ethnographic fieldwork in Mondayacu, Ecuador regarding Runa farmers' conceptualizations of and interactions with crop domestication and diversification.</marc:subfield></marc:datafield><marc:datafield tag="506" ind1=" " ind2=" "><marc:subfield code="a">Access to the materials in this collection for the purpose of reading, copying, or other use will be granted only with the donor's permission within 25 years of the date of the Jacobs Research Fund award. After 25 years, the collection will revert to UW Libraries Special Collections.</marc:subfield></marc:datafield><marc:datafield tag="540" ind1=" " ind2=" "><marc:subfield code="a">Copyrights retained by creator. Contact University of Washington Libraries Special Collections for details.</marc:subfield></marc:datafield><marc:datafield tag="546" ind1=" " ind2=" "><marc:subfield code="a">Collection materials are in Spanish and Kichwa.</marc:subfield></marc:datafield><marc:datafield tag="600" ind1="1" ind2="0"><marc:subfield code="a">White, John Robert</marc:subfield><marc:subfield code="v">Archives.</marc:subfield></marc:datafield><marc:datafield tag="650" ind1=" " ind2="0"><marc:subfield code="a">Quechua Indians</marc:subfield><marc:subfield code="x">Ethnobotany</marc:subfield><marc:subfield code="z">Ecuador</marc:subfield><marc:subfield code="z">Napo (Province)</marc:subfield><marc:subfield code="x">History</marc:subfield><marc:subfield code="v">Sources.</marc:subfield></marc:datafield><marc:datafield tag="650" ind1=" " ind2="0"><marc:subfield code="a">Crop diversification</marc:subfield><marc:subfield code="z">Ecuador</marc:subfield><marc:subfield code="z">Napo (Province)</marc:subfield><marc:subfield code="x">History</marc:subfield><marc:subfield code="v">Sources.</marc:subfield></marc:datafield><marc:datafield tag="650" ind1=" " ind2="0"><marc:subfield code="a">Domestication</marc:subfield><marc:subfield code="z">Ecuador</marc:subfield><marc:subfield code="z">Napo (Province)</marc:subfield><marc:subfield code="x">History</marc:subfield><marc:subfield code="v">Sources.</marc:subfield></marc:datafield><marc:datafield tag="650" ind1=" " ind2="0"><marc:subfield code="a">Ethnobotany</marc:subfield><marc:subfield code="z">Ecuador</marc:subfield><marc:subfield code="z">Napo (Province)</marc:subfield><marc:subfield code="x">History</marc:subfield><marc:subfield code="v">Sources.</marc:subfield></marc:datafield><marc:datafield tag="650" ind1=" " ind2="6"><marc:subfield code="a">Cultures</marc:subfield><marc:subfield code="0">(CaQQLa)201-0217243</marc:subfield><marc:subfield code="x">Diversification</marc:subfield><marc:subfield code="0">(CaQQLa)201-0217243</marc:subfield><marc:subfield code="z">Équateur</marc:subfield><marc:subfield code="0">(CaQQLa)000346199</marc:subfield><marc:subfield code="z">Napo (Province)</marc:subfield><marc:subfield code="0">(CaQQLa)000346199</marc:subfield><marc:subfield code="x">Histoire</marc:subfield><marc:subfield code="0">(CaQQLa)201-0382350</marc:subfield><marc:subfield code="v">Sources.</marc:subfield><marc:subfield code="0">(CaQQLa)201-0382350</marc:subfield></marc:datafield><marc:datafield tag="650" ind1=" " ind2="6"><marc:subfield code="a">Domestication</marc:subfield><marc:subfield code="0">(CaQQLa)201-0040014</marc:subfield><marc:subfield code="z">Équateur</marc:subfield><marc:subfield code="0">(CaQQLa)000346199</marc:subfield><marc:subfield code="z">Napo (Province)</marc:subfield><marc:subfield code="0">(CaQQLa)000346199</marc:subfield><marc:subfield code="x">Histoire</marc:subfield><marc:subfield code="0">(CaQQLa)201-0382350</marc:subfield><marc:subfield code="v">Sources.</marc:subfield><marc:subfield code="0">(CaQQLa)201-0382350</marc:subfield></marc:datafield><marc:datafield tag="650" ind1=" " ind2="7"><marc:subfield code="a">Crop diversification</marc:subfield><marc:subfield code="2">fast</marc:subfield><marc:subfield code="0">(OCoLC)fst00883911</marc:subfield></marc:datafield><marc:datafield tag="650" ind1=" " ind2="7"><marc:subfield code="a">Domestication</marc:subfield><marc:subfield code="2">fast</marc:subfield><marc:subfield code="0">(OCoLC)fst00896706</marc:subfield></marc:datafield><marc:datafield tag="650" ind1=" " ind2="7"><marc:subfield code="a">Ethnobotany</marc:subfield><marc:subfield code="2">fast</marc:subfield><marc:subfield code="0">(OCoLC)fst00916074</marc:subfield></marc:datafield><marc:datafield tag="650" ind1=" " ind2="7"><marc:subfield code="a">Quechua Indians</marc:subfield><marc:subfield code="x">Ethnobotany</marc:subfield><marc:subfield code="2">fast</marc:subfield><marc:subfield code="0">(OCoLC)fst01085551</marc:subfield></marc:datafield><marc:datafield tag="651" ind1=" " ind2="7"><marc:subfield code="a">Ecuador</marc:subfield><marc:subfield code="z">Napo (Province)</marc:subfield><marc:subfield code="2">fast</marc:subfield><marc:subfield code="0">(OCoLC)fst01330405</marc:subfield></marc:datafield><marc:datafield tag="655" ind1=" " ind2="7"><marc:subfield code="a">transcripts.</marc:subfield><marc:subfield code="2">aat</marc:subfield><marc:subfield code="0">(CStmoGRI)aatgf300027388</marc:subfield></marc:datafield><marc:datafield tag="655" ind1=" " ind2="7"><marc:subfield code="a">field notes.</marc:subfield><marc:subfield code="2">aat</marc:subfield><marc:subfield code="0">(CStmoGRI)aatgf300027201</marc:subfield></marc:datafield><marc:datafield tag="655" ind1=" " ind2="7"><marc:subfield code="a">interviews.</marc:subfield><marc:subfield code="2">aat</marc:subfield><marc:subfield code="0">(CStmoGRI)aatgf300026392</marc:subfield></marc:datafield><marc:datafield tag="655" ind1=" " ind2="7"><marc:subfield code="a">Archives</marc:subfield><marc:subfield code="2">fast</marc:subfield><marc:subfield code="0">(OCoLC)fst01423700</marc:subfield></marc:datafield><marc:datafield tag="655" ind1=" " ind2="7"><marc:subfield code="a">Field notes</marc:subfield><marc:subfield code="2">fast</marc:subfield><marc:subfield code="0">(OCoLC)fst02007231</marc:subfield></marc:datafield><marc:datafield tag="655" ind1=" " ind2="7"><marc:subfield code="a">History</marc:subfield><marc:subfield code="2">fast</marc:subfield><marc:subfield code="0">(OCoLC)fst01411628</marc:subfield></marc:datafield><marc:datafield tag="655" ind1=" " ind2="7"><marc:subfield code="a">Interviews</marc:subfield><marc:subfield code="2">fast</marc:subfield><marc:subfield code="0">(OCoLC)fst01423832</marc:subfield></marc:datafield><marc:datafield tag="655" ind1=" " ind2="7"><marc:subfield code="a">Sources</marc:subfield><marc:subfield code="2">fast</marc:subfield><marc:subfield code="0">(OCoLC)fst01423900</marc:subfield></marc:datafield><marc:datafield tag="655" ind1=" " ind2="7"><marc:subfield code="a">Field notes.</marc:subfield><marc:subfield code="2">lcgft</marc:subfield></marc:datafield><marc:datafield tag="655" ind1=" " ind2="7"><marc:subfield code="a">Interviews.</marc:subfield><marc:subfield code="2">lcgft</marc:subfield></marc:datafield><marc:datafield tag="655" ind1=" " ind2="7"><marc:subfield code="a">Notes d'observations.</marc:subfield><marc:subfield code="2">rvmgf</marc:subfield><marc:subfield code="0">(CaQQLa)RVMGF-000312402</marc:subfield></marc:datafield><marc:datafield tag="655" ind1=" " ind2="7"><marc:subfield code="a">Interviews.</marc:subfield><marc:subfield code="2">rvmgf</marc:subfield><marc:subfield code="0">(CaQQLa)RVMGF-000000446</marc:subfield></marc:datafield><marc:datafield tag="856" ind1="4" ind2="2"><marc:subfield code="u">http://archiveswest.orbiscascade.org/ark:/80444/xv618421</marc:subfield><marc:subfield code="z">Connect to the finding aid for this collection</marc:subfield></marc:datafield></marc:record>