
<marc:record><marc:leader>04517cgmaa2200649 i 4500</marc:leader>
<marc:controlfield tag="001">1268150056</marc:controlfield>
<marc:controlfield tag="005">20241203220138.9</marc:controlfield><marc:controlfield tag="008">210914s2015    wau066            vleng  </marc:controlfield><marc:controlfield tag="007">vd cvaizu</marc:controlfield><marc:datafield tag="040" ind1=" " ind2=" "><marc:subfield code="a">WAU</marc:subfield><marc:subfield code="b">eng</marc:subfield><marc:subfield code="e">rda</marc:subfield><marc:subfield code="e">dacs</marc:subfield><marc:subfield code="c">WAU</marc:subfield><marc:subfield code="d">OCLCL</marc:subfield><marc:subfield code="d">WAU</marc:subfield><marc:subfield code="d">OCLCO</marc:subfield></marc:datafield><marc:datafield tag="046" ind1=" " ind2=" "><marc:subfield code="k">2015-05-04</marc:subfield><marc:subfield code="2">edtf</marc:subfield></marc:datafield><marc:datafield tag="049" ind1=" " ind2=" "><marc:subfield code="a">WAUW</marc:subfield></marc:datafield><marc:datafield tag="245" ind1="0" ind2="0"><marc:subfield code="a">Hiroaki Tohgi lecture recording.</marc:subfield></marc:datafield><marc:datafield tag="264" ind1=" " ind2="0"><marc:subfield code="c">2015 May 04</marc:subfield></marc:datafield><marc:datafield tag="300" ind1=" " ind2=" "><marc:subfield code="a">1 videodisc (1:06:00) :</marc:subfield><marc:subfield code="b">sound, color ;</marc:subfield><marc:subfield code="c">4 3/4 in.</marc:subfield></marc:datafield><marc:datafield tag="336" ind1=" " ind2=" "><marc:subfield code="a">two-dimensional moving image</marc:subfield><marc:subfield code="b">tdi</marc:subfield><marc:subfield code="2">rdacontent</marc:subfield></marc:datafield><marc:datafield tag="337" ind1=" " ind2=" "><marc:subfield code="a">video</marc:subfield><marc:subfield code="b">v</marc:subfield><marc:subfield code="2">rdamedia</marc:subfield></marc:datafield><marc:datafield tag="338" ind1=" " ind2=" "><marc:subfield code="a">videodisc</marc:subfield><marc:subfield code="b">vd</marc:subfield><marc:subfield code="2">rdacarrier</marc:subfield></marc:datafield><marc:datafield tag="340" ind1=" " ind2=" "><marc:subfield code="b">4 3/4 in.</marc:subfield></marc:datafield><marc:datafield tag="340" ind1=" " ind2=" "><marc:subfield code="d">burning</marc:subfield><marc:subfield code="2">rdapm</marc:subfield></marc:datafield><marc:datafield tag="340" ind1=" " ind2=" "><marc:subfield code="g">polychrome</marc:subfield><marc:subfield code="2">rdacc</marc:subfield></marc:datafield><marc:datafield tag="340" ind1=" " ind2=" "><marc:subfield code="g">color</marc:subfield></marc:datafield><marc:datafield tag="344" ind1=" " ind2=" "><marc:subfield code="a">digital</marc:subfield><marc:subfield code="2">rdatr</marc:subfield></marc:datafield><marc:datafield tag="344" ind1=" " ind2=" "><marc:subfield code="b">optical</marc:subfield><marc:subfield code="2">rdarm</marc:subfield></marc:datafield><marc:datafield tag="344" ind1=" " ind2=" "><marc:subfield code="i">sound</marc:subfield><marc:subfield code="2">rdasco</marc:subfield></marc:datafield><marc:datafield tag="344" ind1=" " ind2=" "><marc:subfield code="g">stereo</marc:subfield><marc:subfield code="2">rdacpc</marc:subfield></marc:datafield><marc:datafield tag="346" ind1=" " ind2=" "><marc:subfield code="b">NTSC</marc:subfield><marc:subfield code="2">rdabs</marc:subfield></marc:datafield><marc:datafield tag="347" ind1=" " ind2=" "><marc:subfield code="a">video file</marc:subfield><marc:subfield code="2">rdaft</marc:subfield></marc:datafield><marc:datafield tag="347" ind1=" " ind2=" "><marc:subfield code="b">DVD video</marc:subfield></marc:datafield><marc:datafield tag="380" ind1=" " ind2=" "><marc:subfield code="a">Motion pictures</marc:subfield><marc:subfield code="2">lcgft</marc:subfield></marc:datafield><marc:datafield tag="538" ind1=" " ind2=" "><marc:subfield code="a">DVD-R, NTSC.</marc:subfield></marc:datafield><marc:datafield tag="545" ind1="0" ind2=" "><marc:subfield code="a">The University of Washington Ethnomusicology Archives has been collecting and curating unique ethnographic music recordings for over 50 years. Its holdings of more than 15,000 items include field recordings documenting music traditions of all kinds from most areas of the world, concert recordings of visiting musicians, and films and videos of a variety of musical events, as well as several hundred musical instruments. The Archives serves the students and faculty in the UW Ethnomusicology Program, the broader university community, Pacific Northwest tribes, and an international clientele of musicians, students, and teachers. Archival recordings are available for on-site listening. Depending on collection deposit agreements, copies of some materials may be obtained by researchers. Students are particularly encouraged to utilize archival materials to assist with class projects and help prepare for their own field work. The Archives employs several students each year and works informally with most ethnomusicology students as they begin to consider recording format options, equipment purchase, the practical problems of documentation in the field, and other issues related to their research. Students and other researchers are invited to deposit their field collections in the Archives, which offers secure storage and computer catalog access to all materials.</marc:subfield></marc:datafield><marc:datafield tag="520" ind1=" " ind2=" "><marc:subfield code="a">Music of the Japanese Imperial Court (Gagaku) - lecture by Chief Court Musician Hiroaki Tohgi, with translation by Paul Atkins, UW Allen Library Auditorium, May 4, 2015.</marc:subfield></marc:datafield><marc:datafield tag="518" ind1=" " ind2=" "><marc:subfield code="o">Recorded</marc:subfield><marc:subfield code="p">University of Washington</marc:subfield><marc:subfield code="d">May 4, 2015.</marc:subfield></marc:datafield><marc:datafield tag="500" ind1=" " ind2=" "><marc:subfield code="a">Video recording made for the UW Ethnomusicology Archives; recorded with Panasonic AG-HMC 150P camcorder; processed in Final Cut and DVD Studio Pro and DVD work disc produced (digital files saved - 2015-6.1.mov, 2015-6.1.img)</marc:subfield></marc:datafield><marc:datafield tag="511" ind1="0" ind2=" "><marc:subfield code="a">Participants: Maestro Hiroaki Tohgi, assisted by Yuka Shibuya; Paul Atkins, translator.</marc:subfield></marc:datafield><marc:datafield tag="544" ind1=" " ind2=" "><marc:subfield code="a">Related collections: 2015-4 - Hiroaki Tohgi demonstration/performance 5/6/15; 2015-5 - Hiroaki Tohgi UW class demonstration 5/4/15; 2015-10 - Hiroaki Tohgi demonstration/performance (Asian Art Museum) 5/8/15.</marc:subfield></marc:datafield><marc:datafield tag="500" ind1=" " ind2=" "><marc:subfield code="a">Documentation: Poster.</marc:subfield></marc:datafield><marc:datafield tag="506" ind1=" " ind2=" "><marc:subfield code="a">Access restricted. For terms of access, contact the University of Washington Libraries Ethnomusicology Archives.</marc:subfield></marc:datafield><marc:datafield tag="540" ind1=" " ind2=" "><marc:subfield code="a">Restrictions may exist on reproduction, publication and use. Contact the University of Washington Libraries Ethnomusicology Archives for more information.</marc:subfield></marc:datafield><marc:datafield tag="546" ind1=" " ind2=" "><marc:subfield code="a">Collection materials are in English.</marc:subfield></marc:datafield><marc:datafield tag="650" ind1=" " ind2="0"><marc:subfield code="a">Gagaku.</marc:subfield></marc:datafield><marc:datafield tag="650" ind1=" " ind2="0"><marc:subfield code="a">Court dances (Music)</marc:subfield></marc:datafield><marc:datafield tag="650" ind1=" " ind2="0"><marc:subfield code="a">Dance</marc:subfield><marc:subfield code="z">Japan.</marc:subfield></marc:datafield><marc:datafield tag="650" ind1=" " ind2="6"><marc:subfield code="a">Gagaku.</marc:subfield><marc:subfield code="0">(CaQQLa)201-0065983</marc:subfield></marc:datafield><marc:datafield tag="650" ind1=" " ind2="6"><marc:subfield code="a">Danse</marc:subfield><marc:subfield code="z">Japon.</marc:subfield><marc:subfield code="0">(CaQQLa)000284447</marc:subfield></marc:datafield><marc:datafield tag="655" ind1=" " ind2="7"><marc:subfield code="a">lectures.</marc:subfield><marc:subfield code="2">aat</marc:subfield><marc:subfield code="0">(CStmoGRI)aatgf300026673</marc:subfield></marc:datafield><marc:datafield tag="655" ind1=" " ind2="7"><marc:subfield code="a">Lectures.</marc:subfield><marc:subfield code="2">lcgft</marc:subfield></marc:datafield><marc:datafield tag="655" ind1=" " ind2="7"><marc:subfield code="a">Nonfiction films.</marc:subfield><marc:subfield code="2">lcgft</marc:subfield></marc:datafield><marc:datafield tag="655" ind1=" " ind2="7"><marc:subfield code="a">Conférences.</marc:subfield><marc:subfield code="2">rvmgf</marc:subfield><marc:subfield code="0">(CaQQLa)RVMGF-000001263</marc:subfield></marc:datafield><marc:datafield tag="655" ind1=" " ind2="7"><marc:subfield code="a">Films autres que de fiction.</marc:subfield><marc:subfield code="2">rvmgf</marc:subfield><marc:subfield code="0">(CaQQLa)RVMGF-000000105</marc:subfield></marc:datafield><marc:datafield tag="700" ind1="1" ind2=" "><marc:subfield code="a">Tohgi, Hiroaki,</marc:subfield><marc:subfield code="e">speaker</marc:subfield></marc:datafield><marc:datafield tag="700" ind1="1" ind2=" "><marc:subfield code="a">Shibuya, Yuka.</marc:subfield></marc:datafield><marc:datafield tag="700" ind1="1" ind2=" "><marc:subfield code="a">Atkins, Paul S.</marc:subfield><marc:subfield code="q">(Paul Stephen),</marc:subfield><marc:subfield code="d">1969-</marc:subfield><marc:subfield code="e">translator.</marc:subfield></marc:datafield><marc:datafield tag="710" ind1="2" ind2=" "><marc:subfield code="a">University of Washington.</marc:subfield><marc:subfield code="b">Ethnomusicology Archives,</marc:subfield><marc:subfield code="e">curator.</marc:subfield></marc:datafield><marc:datafield tag="758" ind1=" " ind2=" "><marc:subfield code="i">has work:</marc:subfield><marc:subfield code="a">Hiroaki Tohgi lecture recording (Music)</marc:subfield><marc:subfield code="1">https://id.oclc.org/worldcat/entity/E39PCYy43w9fdkyRrt9GkyCytX</marc:subfield><marc:subfield code="4">https://id.oclc.org/worldcat/ontology/hasWork</marc:subfield></marc:datafield><marc:datafield tag="856" ind1="4" ind2="2"><marc:subfield code="u">http://archiveswest.orbiscascade.org/ark:/80444/xv46942</marc:subfield><marc:subfield code="z">Connect to the finding aid for this collection</marc:subfield></marc:datafield></marc:record>