
<marc:record><marc:leader>05472cgmaa2200721 i 4500</marc:leader>
<marc:controlfield tag="001">1268148572</marc:controlfield>
<marc:controlfield tag="005">20241022165712.7</marc:controlfield><marc:controlfield tag="008">210914s2016    wau               vleng d</marc:controlfield><marc:controlfield tag="006">g122            vl</marc:controlfield><marc:controlfield tag="007">vd cvaizu</marc:controlfield><marc:datafield tag="040" ind1=" " ind2=" "><marc:subfield code="a">WAU</marc:subfield><marc:subfield code="b">eng</marc:subfield><marc:subfield code="e">rda</marc:subfield><marc:subfield code="e">dacs</marc:subfield><marc:subfield code="c">WAU</marc:subfield><marc:subfield code="d">OCLCL</marc:subfield><marc:subfield code="d">WAU</marc:subfield><marc:subfield code="d">OCLCO</marc:subfield></marc:datafield><marc:datafield tag="046" ind1=" " ind2=" "><marc:subfield code="k">2016-06-02</marc:subfield><marc:subfield code="2">edtf</marc:subfield></marc:datafield><marc:datafield tag="049" ind1=" " ind2=" "><marc:subfield code="a">WAUW</marc:subfield></marc:datafield><marc:datafield tag="245" ind1="0" ind2="0"><marc:subfield code="a">Laurel Sercombe visiting artist concert recordings: Ade Suparman.</marc:subfield></marc:datafield><marc:datafield tag="264" ind1=" " ind2="0"><marc:subfield code="c">2016 June 02</marc:subfield></marc:datafield><marc:datafield tag="300" ind1=" " ind2=" "><marc:subfield code="a">1 videodisc (2:02:09) :</marc:subfield><marc:subfield code="b">sound, color ;</marc:subfield><marc:subfield code="c">4 3/4 in.</marc:subfield></marc:datafield><marc:datafield tag="336" ind1=" " ind2=" "><marc:subfield code="a">two-dimensional moving image</marc:subfield><marc:subfield code="b">tdi</marc:subfield><marc:subfield code="2">rdacontent</marc:subfield></marc:datafield><marc:datafield tag="337" ind1=" " ind2=" "><marc:subfield code="a">video</marc:subfield><marc:subfield code="b">v</marc:subfield><marc:subfield code="2">rdamedia</marc:subfield></marc:datafield><marc:datafield tag="338" ind1=" " ind2=" "><marc:subfield code="a">videodisc</marc:subfield><marc:subfield code="b">vd</marc:subfield><marc:subfield code="2">rdacarrier</marc:subfield></marc:datafield><marc:datafield tag="340" ind1=" " ind2=" "><marc:subfield code="b">4 3/4 in.</marc:subfield></marc:datafield><marc:datafield tag="340" ind1=" " ind2=" "><marc:subfield code="d">burning</marc:subfield><marc:subfield code="2">rdapm</marc:subfield></marc:datafield><marc:datafield tag="340" ind1=" " ind2=" "><marc:subfield code="g">polychrome</marc:subfield><marc:subfield code="2">rdacc</marc:subfield></marc:datafield><marc:datafield tag="340" ind1=" " ind2=" "><marc:subfield code="g">color</marc:subfield></marc:datafield><marc:datafield tag="344" ind1=" " ind2=" "><marc:subfield code="a">digital</marc:subfield><marc:subfield code="2">rdatr</marc:subfield></marc:datafield><marc:datafield tag="344" ind1=" " ind2=" "><marc:subfield code="b">optical</marc:subfield><marc:subfield code="2">rdarm</marc:subfield></marc:datafield><marc:datafield tag="344" ind1=" " ind2=" "><marc:subfield code="i">sound</marc:subfield><marc:subfield code="2">rdasco</marc:subfield></marc:datafield><marc:datafield tag="344" ind1=" " ind2=" "><marc:subfield code="g">stereo</marc:subfield><marc:subfield code="2">rdacpc</marc:subfield></marc:datafield><marc:datafield tag="346" ind1=" " ind2=" "><marc:subfield code="b">NTSC</marc:subfield><marc:subfield code="2">rdabs</marc:subfield></marc:datafield><marc:datafield tag="347" ind1=" " ind2=" "><marc:subfield code="a">video file</marc:subfield><marc:subfield code="2">rdaft</marc:subfield></marc:datafield><marc:datafield tag="347" ind1=" " ind2=" "><marc:subfield code="b">DVD video</marc:subfield></marc:datafield><marc:datafield tag="380" ind1=" " ind2=" "><marc:subfield code="a">Motion pictures</marc:subfield><marc:subfield code="2">lcgft</marc:subfield></marc:datafield><marc:datafield tag="545" ind1="0" ind2=" "><marc:subfield code="a">Laurel Sercombe has been the Archivist for the Ethnomusicology Program at the University of Washington since 1982. She has co-produced a series of music recordings with Northwest Folklife, lectured for classes in Ethnomusicology, Library and Information Science, and American Indian Studies, and designed and taught a course on sound archiving. In 1998 she received a pre-doctoral Smithsonian Research Fellowship and in 2001 received her Ph.D. with the dissertation And Then It Rained: Power and Song in Western Washington Coast Salish Myth Narratives. She is a member of the Music Library Association, the Association for Recorded Sound Collections, and the Society for Ethnomusicology, for which she served as Current Discographer 1992-2000 and Treasurer 2000-2004. She serves on the boards of Jack Straw Productions and Northwest Heritage Resources. In 2013 she organized and hosted &quot;Sounds of the World,&quot; a series of six programs for UWTV featuring film footage from the Robert Garfias Collection in the Ethnomusicology Archives.</marc:subfield></marc:datafield><marc:datafield tag="500" ind1=" " ind2=" "><marc:subfield code="a">Video recording by Laurel Sercombe for the UW Ethnomusicology Archives; recorded with Panasonic AG-HMC 150P camcorder; audio mix provided by Gary Louie from pair of KM-184 cardioid mics and P.A. feed from house sound; processed in Final Cut and DVD Studio Pro and DVD work disc produced (digital files saved - 2016-3.1.mov, 2016-3.1.img</marc:subfield></marc:datafield><marc:datafield tag="511" ind1="0" ind2=" "><marc:subfield code="a">Performers: Ade Suparman/kacapi, suling, drum; Nurrika/dancer; Sean Williams/vocalist; students of Ade Suparman - Jorge Bayona, Manuel Castro, Katia Chaterji, Giuliana Conti, Shannon Garcia, Skúli Gestsson, Julia Knox, Mike Kohfeld, Rachel Mahre, Isaac McDonald, Anja McElvaney, Chris Mena, Matt Sablan, Solmaz Shakerifard, Erica Weisman; dancers: Phoebe Askelson, Mary Barnes, Katia Chaterji, Cameron Cumberland, Olivia Kotha, Benjamin Moseley, Matt Sablan, Tikka Sears, Christina Sunardi, &quot;Senggo&quot; Sunardi.</marc:subfield></marc:datafield><marc:datafield tag="505" ind1="0" ind2=" "><marc:subfield code="a">Contents (from DVD): Ch. 1 - Introduction by Patricia Campbell; Ch. 2-5 - Tembang Sunda: Rajah, Papatet, Mupukembang-Goyong-Balagenyat; Ch. 6-7 - Kacapi-suling; Ch. 8-9 - Gamelan Degung: Tepang Asih, Ayun Ambing; Ch. 10 - Tari Merak (Dance of the Peacock); Ch. 11 - Marudah (composed by Ade Suparman); Ch. 12-13 - Gamelan degung: Renggong Buyut, Palwa; Ch. 14 - Gaplek Dance - Nurrika/featured dancer; Ch. 15 - Kidung Giri Kesuma (composed by Ade Suparman); Ch. 16-17 - Gamelan degung: Lutung Bingung, Pajajaran; Ch. 18 - Tari Babalen (dance); Ch. 19 - Tari Kandagan - Nurrika/dancer.</marc:subfield></marc:datafield><marc:datafield tag="500" ind1=" " ind2=" "><marc:subfield code="a">Documentation: Concert program.</marc:subfield></marc:datafield><marc:datafield tag="506" ind1=" " ind2=" "><marc:subfield code="a">Access restricted. For terms of access, contact the University of Washington Libraries Ethnomusicology Archives.</marc:subfield></marc:datafield><marc:datafield tag="540" ind1=" " ind2=" "><marc:subfield code="a">Restrictions may exist on reproduction, publication and use. Contact the University of Washington Libraries Ethnomusicology Archives for more information.</marc:subfield></marc:datafield><marc:datafield tag="546" ind1=" " ind2=" "><marc:subfield code="a">Collection materials are in English.</marc:subfield></marc:datafield><marc:datafield tag="650" ind1=" " ind2="0"><marc:subfield code="a">Gamelan.</marc:subfield></marc:datafield><marc:datafield tag="650" ind1=" " ind2="0"><marc:subfield code="a">Kacapi (Lute)</marc:subfield></marc:datafield><marc:datafield tag="650" ind1=" " ind2="0"><marc:subfield code="a">Suling (Musical instrument)</marc:subfield></marc:datafield><marc:datafield tag="650" ind1=" " ind2="0"><marc:subfield code="a">Kacapi-suling.</marc:subfield></marc:datafield><marc:datafield tag="650" ind1=" " ind2="0"><marc:subfield code="a">Drum.</marc:subfield></marc:datafield><marc:datafield tag="650" ind1=" " ind2="0"><marc:subfield code="a">Music</marc:subfield><marc:subfield code="z">Indonesia</marc:subfield><marc:subfield code="z">Java.</marc:subfield></marc:datafield><marc:datafield tag="650" ind1=" " ind2="0"><marc:subfield code="a">Dance</marc:subfield><marc:subfield code="z">Indonesia</marc:subfield><marc:subfield code="z">Java.</marc:subfield></marc:datafield><marc:datafield tag="650" ind1=" " ind2="0"><marc:subfield code="a">Concerts</marc:subfield><marc:subfield code="z">Washington (State)</marc:subfield><marc:subfield code="z">Seattle.</marc:subfield></marc:datafield><marc:datafield tag="650" ind1=" " ind2="6"><marc:subfield code="a">Gamelan.</marc:subfield><marc:subfield code="0">(CaQQLa)201-0008335</marc:subfield></marc:datafield><marc:datafield tag="650" ind1=" " ind2="6"><marc:subfield code="a">Suling.</marc:subfield><marc:subfield code="0">(CaQQLa)201-0198599</marc:subfield></marc:datafield><marc:datafield tag="650" ind1=" " ind2="6"><marc:subfield code="a">Tambour.</marc:subfield><marc:subfield code="0">(CaQQLa)201-0017714</marc:subfield></marc:datafield><marc:datafield tag="650" ind1=" " ind2="6"><marc:subfield code="a">Musique</marc:subfield><marc:subfield code="0">(CaQQLa)201-0070033</marc:subfield><marc:subfield code="z">Indonésie</marc:subfield><marc:subfield code="0">(CaQQLa)201-0484207</marc:subfield><marc:subfield code="z">Java.</marc:subfield><marc:subfield code="0">(CaQQLa)201-0484207</marc:subfield></marc:datafield><marc:datafield tag="650" ind1=" " ind2="6"><marc:subfield code="a">Danse</marc:subfield><marc:subfield code="0">(CaQQLa)201-0004393</marc:subfield><marc:subfield code="z">Indonésie</marc:subfield><marc:subfield code="0">(CaQQLa)201-0484207</marc:subfield><marc:subfield code="z">Java.</marc:subfield><marc:subfield code="0">(CaQQLa)201-0484207</marc:subfield></marc:datafield><marc:datafield tag="650" ind1=" " ind2="6"><marc:subfield code="a">Concerts</marc:subfield><marc:subfield code="0">(CaQQLa)201-0026433</marc:subfield><marc:subfield code="z">Washington (État)</marc:subfield><marc:subfield code="0">(CaQQLa)201-0394837</marc:subfield><marc:subfield code="z">Seattle.</marc:subfield><marc:subfield code="0">(CaQQLa)201-0394837</marc:subfield></marc:datafield><marc:datafield tag="650" ind1=" " ind2="7"><marc:subfield code="a">gamelan.</marc:subfield><marc:subfield code="2">aat</marc:subfield><marc:subfield code="0">(CStmoGRI)aat300205068</marc:subfield></marc:datafield><marc:datafield tag="650" ind1=" " ind2="7"><marc:subfield code="a">suling.</marc:subfield><marc:subfield code="2">aat</marc:subfield><marc:subfield code="0">(CStmoGRI)aat300214365</marc:subfield></marc:datafield><marc:datafield tag="650" ind1=" " ind2="7"><marc:subfield code="a">drums (membranophones)</marc:subfield><marc:subfield code="2">aat</marc:subfield><marc:subfield code="0">(CStmoGRI)aat300041729</marc:subfield></marc:datafield><marc:datafield tag="700" ind1="1" ind2=" "><marc:subfield code="a">Suparman, Ade,</marc:subfield><marc:subfield code="e">performer.</marc:subfield></marc:datafield><marc:datafield tag="700" ind1="1" ind2=" "><marc:subfield code="a">Nurrika,</marc:subfield><marc:subfield code="e">dancer</marc:subfield></marc:datafield><marc:datafield tag="700" ind1="1" ind2=" "><marc:subfield code="a">Sundari, Christina,</marc:subfield><marc:subfield code="e">performer.</marc:subfield></marc:datafield><marc:datafield tag="700" ind1="1" ind2=" "><marc:subfield code="a">Sercombe, Laurel.</marc:subfield><marc:subfield code="1">https://id.oclc.org/worldcat/entity/E39PBJrckQJ4qTj3V8mmDmDXh3</marc:subfield></marc:datafield><marc:datafield tag="710" ind1="2" ind2=" "><marc:subfield code="a">University of Washington.</marc:subfield><marc:subfield code="b">Ethnomusicology Archives,</marc:subfield><marc:subfield code="e">curator.</marc:subfield></marc:datafield><marc:datafield tag="758" ind1=" " ind2=" "><marc:subfield code="i">has work:</marc:subfield><marc:subfield code="a">Laurel Sercombe visiting artist concert recordings: Ade Suparman (Music)</marc:subfield><marc:subfield code="1">https://id.oclc.org/worldcat/entity/E39PCYMd4RtvvYc3ffmygcjkCP</marc:subfield><marc:subfield code="4">https://id.oclc.org/worldcat/ontology/hasWork</marc:subfield></marc:datafield><marc:datafield tag="856" ind1="4" ind2="2"><marc:subfield code="u">http://archiveswest.orbiscascade.org/ark:/80444/xv65112</marc:subfield><marc:subfield code="z">Connect to the finding aid for this collection</marc:subfield></marc:datafield></marc:record>