
<marc:record><marc:leader>04576cgm a2200973 i 4500</marc:leader>
<marc:controlfield tag="001">1425166437</marc:controlfield>
<marc:controlfield tag="005">20240427011909.3</marc:controlfield><marc:controlfield tag="008">240306t20232023cau000 c          vaeng d</marc:controlfield><marc:controlfield tag="007">vd cvaizs</marc:controlfield><marc:datafield tag="040" ind1=" " ind2=" "><marc:subfield code="a">WAU</marc:subfield><marc:subfield code="b">eng</marc:subfield><marc:subfield code="e">rda</marc:subfield><marc:subfield code="c">WAU</marc:subfield><marc:subfield code="d">OCLCO</marc:subfield><marc:subfield code="d">OCLCQ</marc:subfield></marc:datafield><marc:datafield tag="024" ind1="1" ind2=" "><marc:subfield code="a">883929809479</marc:subfield></marc:datafield><marc:datafield tag="028" ind1="4" ind2="2"><marc:subfield code="a">3000095250</marc:subfield></marc:datafield><marc:datafield tag="041" ind1="0" ind2=" "><marc:subfield code="a">eng</marc:subfield><marc:subfield code="p">eng</marc:subfield><marc:subfield code="h">eng</marc:subfield></marc:datafield><marc:datafield tag="046" ind1=" " ind2=" "><marc:subfield code="o">2010</marc:subfield><marc:subfield code="p">2018</marc:subfield><marc:subfield code="2">edtf</marc:subfield></marc:datafield><marc:datafield tag="082" ind1="0" ind2="4"><marc:subfield code="a">791.4572</marc:subfield><marc:subfield code="q">OCoLC</marc:subfield><marc:subfield code="2">23/eng/20240417</marc:subfield></marc:datafield><marc:datafield tag="049" ind1=" " ind2=" "><marc:subfield code="a">WAUW</marc:subfield></marc:datafield><marc:datafield tag="130" ind1="0" ind2=" "><marc:subfield code="a">Adventure time (Television program)</marc:subfield></marc:datafield><marc:datafield tag="245" ind1="1" ind2="0"><marc:subfield code="a">Adventure time :</marc:subfield><marc:subfield code="b">the complete collection /</marc:subfield><marc:subfield code="c">Cartoon Network.</marc:subfield></marc:datafield><marc:datafield tag="264" ind1=" " ind2="1"><marc:subfield code="a">[California] :</marc:subfield><marc:subfield code="b">Warner Bros.</marc:subfield><marc:subfield code="c">[2023]</marc:subfield></marc:datafield><marc:datafield tag="264" ind1=" " ind2="4"><marc:subfield code="3">Container:</marc:subfield><marc:subfield code="c">©2023</marc:subfield></marc:datafield><marc:datafield tag="300" ind1=" " ind2=" "><marc:subfield code="a">22 videodiscs ( 3268 min.) :</marc:subfield><marc:subfield code="b">sound, color ;</marc:subfield><marc:subfield code="c">4 3/4 in.</marc:subfield></marc:datafield><marc:datafield tag="336" ind1=" " ind2=" "><marc:subfield code="a">two-dimensional moving image</marc:subfield><marc:subfield code="b">tdi</marc:subfield><marc:subfield code="2">rdacontent</marc:subfield></marc:datafield><marc:datafield tag="337" ind1=" " ind2=" "><marc:subfield code="a">video</marc:subfield><marc:subfield code="b">v</marc:subfield><marc:subfield code="2">rdamedia</marc:subfield></marc:datafield><marc:datafield tag="338" ind1=" " ind2=" "><marc:subfield code="a">videodisc</marc:subfield><marc:subfield code="b">vd</marc:subfield><marc:subfield code="2">rdacarrier</marc:subfield></marc:datafield><marc:datafield tag="340" ind1=" " ind2=" "><marc:subfield code="b">4 3/4 in.</marc:subfield></marc:datafield><marc:datafield tag="340" ind1=" " ind2=" "><marc:subfield code="g">polychrome</marc:subfield><marc:subfield code="2">rdacc</marc:subfield></marc:datafield><marc:datafield tag="340" ind1=" " ind2=" "><marc:subfield code="g">color</marc:subfield></marc:datafield><marc:datafield tag="340" ind1=" " ind2=" "><marc:subfield code="d">stamping</marc:subfield><marc:subfield code="2">rdapm</marc:subfield></marc:datafield><marc:datafield tag="341" ind1=" " ind2=" "><marc:subfield code="a">auditory</marc:subfield><marc:subfield code="d">captions</marc:subfield><marc:subfield code="2">sapdv</marc:subfield></marc:datafield><marc:datafield tag="344" ind1=" " ind2=" "><marc:subfield code="a">digital</marc:subfield><marc:subfield code="2">rdatr</marc:subfield></marc:datafield><marc:datafield tag="344" ind1=" " ind2=" "><marc:subfield code="b">optical</marc:subfield><marc:subfield code="2">rdarm</marc:subfield></marc:datafield><marc:datafield tag="344" ind1=" " ind2=" "><marc:subfield code="i">sound</marc:subfield><marc:subfield code="2">rdasco</marc:subfield></marc:datafield><marc:datafield tag="344" ind1=" " ind2=" "><marc:subfield code="h">2.0  Dolby Digital</marc:subfield></marc:datafield><marc:datafield tag="345" ind1=" " ind2=" "><marc:subfield code="d">wide screen</marc:subfield><marc:subfield code="2">rdaar</marc:subfield></marc:datafield><marc:datafield tag="346" ind1=" " ind2=" "><marc:subfield code="b">NTSC</marc:subfield><marc:subfield code="2">rdabs</marc:subfield></marc:datafield><marc:datafield tag="347" ind1=" " ind2=" "><marc:subfield code="a">video file</marc:subfield><marc:subfield code="2">rdaft</marc:subfield></marc:datafield><marc:datafield tag="347" ind1=" " ind2=" "><marc:subfield code="b">DVD video</marc:subfield></marc:datafield><marc:datafield tag="347" ind1=" " ind2=" "><marc:subfield code="e">region 1</marc:subfield><marc:subfield code="2">rdare</marc:subfield></marc:datafield><marc:datafield tag="380" ind1=" " ind2=" "><marc:subfield code="a">Television programs</marc:subfield><marc:subfield code="2">lcgft</marc:subfield></marc:datafield><marc:datafield tag="538" ind1=" " ind2=" "><marc:subfield code="a">DVD, NTSC, region 1; Dolby Digital 2.0</marc:subfield></marc:datafield><marc:datafield tag="546" ind1=" " ind2=" "><marc:subfield code="a">In English.</marc:subfield></marc:datafield><marc:datafield tag="532" ind1="1" ind2=" "><marc:subfield code="a">English subtitles for the hard of hearing</marc:subfield></marc:datafield><marc:datafield tag="521" ind1="8" ind2=" "><marc:subfield code="a">TV rating: TV-PG.</marc:subfield></marc:datafield><marc:datafield tag="511" ind1="0" ind2=" "><marc:subfield code="a">Voices: John DiMaggio, Jeremy Shada, Tom Kenny, Hynden Walch, Niki Yang, Pendleton Ward, DeeBradley Baker, Maria Bramford.</marc:subfield></marc:datafield><marc:datafield tag="508" ind1=" " ind2=" "><marc:subfield code="a">Series directors, Bong Hee Han [and others] ; writers, Pendleton Ward [and others]</marc:subfield></marc:datafield><marc:datafield tag="500" ind1=" " ind2=" "><marc:subfield code="a">Created by Pendleton Ward.</marc:subfield></marc:datafield><marc:datafield tag="500" ind1=" " ind2=" "><marc:subfield code="a">Originally aired as episodes of the television program 2010-2018 on the Cartoon Network.</marc:subfield></marc:datafield><marc:datafield tag="500" ind1=" " ind2=" "><marc:subfield code="a">Wide screen.</marc:subfield></marc:datafield><marc:datafield tag="520" ind1=" " ind2=" "><marc:subfield code="a">It features unlikely heroes Finn and Jake, buddies who traverse the mystical Land of Ooo and encounter its colorful inhabitants. The best of friends, the heroes always find themselves in the middle of heart-pounding escapades. Finn, a silly kid with an awesome hat, and Jake, a brassy dog with a big kind heart, depend on each other through thick and thin.</marc:subfield></marc:datafield><marc:datafield tag="500" ind1=" " ind2=" "><marc:subfield code="a">Special features include retrospective documentary, documenty on the music, live performances, etc.</marc:subfield></marc:datafield><marc:datafield tag="600" ind1="0" ind2="0"><marc:subfield code="a">Finn</marc:subfield><marc:subfield code="c">(Fictitious character from Ward)</marc:subfield><marc:subfield code="v">Juvenile drama.</marc:subfield></marc:datafield><marc:datafield tag="600" ind1="0" ind2="0"><marc:subfield code="a">Jake</marc:subfield><marc:subfield code="c">(Fictitious character from Ward)</marc:subfield><marc:subfield code="v">Juvenile drama.</marc:subfield></marc:datafield><marc:datafield tag="650" ind1=" " ind2="0"><marc:subfield code="a">Dogs</marc:subfield><marc:subfield code="v">Juvenile drama.</marc:subfield></marc:datafield><marc:datafield tag="650" ind1=" " ind2="0"><marc:subfield code="a">Heroes</marc:subfield><marc:subfield code="v">Juvenile drama.</marc:subfield></marc:datafield><marc:datafield tag="650" ind1=" " ind2="0"><marc:subfield code="a">Magic</marc:subfield><marc:subfield code="v">Juvenile drama.</marc:subfield></marc:datafield><marc:datafield tag="650" ind1=" " ind2="0"><marc:subfield code="a">Human-animal relationships</marc:subfield><marc:subfield code="v">Juvenile drama.</marc:subfield></marc:datafield><marc:datafield tag="650" ind1=" " ind2="0"><marc:subfield code="a">Friendship</marc:subfield><marc:subfield code="v">Juvenile drama.</marc:subfield></marc:datafield><marc:datafield tag="650" ind1=" " ind2="0"><marc:subfield code="a">Quests (Expeditions)</marc:subfield><marc:subfield code="v">Juvenile drama.</marc:subfield></marc:datafield><marc:datafield tag="650" ind1=" " ind2="0"><marc:subfield code="a">Imaginary places</marc:subfield><marc:subfield code="v">Juvenile drama.</marc:subfield></marc:datafield><marc:datafield tag="655" ind1=" " ind2="7"><marc:subfield code="a">Children's television programs.</marc:subfield><marc:subfield code="2">lcgft</marc:subfield></marc:datafield><marc:datafield tag="655" ind1=" " ind2="7"><marc:subfield code="a">Animated television programs.</marc:subfield><marc:subfield code="2">lcgft</marc:subfield></marc:datafield><marc:datafield tag="655" ind1=" " ind2="7"><marc:subfield code="a">Fantasy television programs.</marc:subfield><marc:subfield code="2">lcgft</marc:subfield></marc:datafield><marc:datafield tag="655" ind1=" " ind2="7"><marc:subfield code="a">Action and adventure television programs.</marc:subfield><marc:subfield code="2">lcgft</marc:subfield></marc:datafield><marc:datafield tag="655" ind1=" " ind2="7"><marc:subfield code="a">Television series.</marc:subfield><marc:subfield code="2">lcgft</marc:subfield></marc:datafield><marc:datafield tag="655" ind1=" " ind2="7"><marc:subfield code="a">Television programs.</marc:subfield><marc:subfield code="2">lcgft</marc:subfield></marc:datafield><marc:datafield tag="655" ind1=" " ind2="7"><marc:subfield code="a">Émissions télévisées pour enfants.</marc:subfield><marc:subfield code="2">rvmgf</marc:subfield><marc:subfield code="0">(CaQQLa)RVMGF-000000039</marc:subfield></marc:datafield><marc:datafield tag="655" ind1=" " ind2="7"><marc:subfield code="a">Émissions fantastiques télévisées.</marc:subfield><marc:subfield code="2">rvmgf</marc:subfield><marc:subfield code="0">(CaQQLa)RVMGF-000000055</marc:subfield></marc:datafield><marc:datafield tag="655" ind1=" " ind2="7"><marc:subfield code="a">Émissions d'aventures télévisées.</marc:subfield><marc:subfield code="2">rvmgf</marc:subfield><marc:subfield code="0">(CaQQLa)RVMGF-000000032</marc:subfield></marc:datafield><marc:datafield tag="655" ind1=" " ind2="7"><marc:subfield code="a">Séries télévisées.</marc:subfield><marc:subfield code="2">rvmgf</marc:subfield><marc:subfield code="0">(CaQQLa)RVMGF-000000025</marc:subfield></marc:datafield><marc:datafield tag="655" ind1=" " ind2="7"><marc:subfield code="a">Émissions télévisées.</marc:subfield><marc:subfield code="2">rvmgf</marc:subfield><marc:subfield code="0">(CaQQLa)RVMGF-000000027</marc:subfield></marc:datafield><marc:datafield tag="700" ind1="1" ind2=" "><marc:subfield code="a">Han, Bong Hee,</marc:subfield><marc:subfield code="e">television director.</marc:subfield></marc:datafield><marc:datafield tag="700" ind1="1" ind2=" "><marc:subfield code="a">Ward, Pendleton,</marc:subfield><marc:subfield code="d">1982-</marc:subfield><marc:subfield code="e">creator,</marc:subfield><marc:subfield code="e">screenwriter.</marc:subfield></marc:datafield><marc:datafield tag="700" ind1="1" ind2=" "><marc:subfield code="a">DiMaggio, John,</marc:subfield><marc:subfield code="d">1968-</marc:subfield><marc:subfield code="e">voice actor.</marc:subfield></marc:datafield><marc:datafield tag="700" ind1="1" ind2=" "><marc:subfield code="a">Shada, Jeremy,</marc:subfield><marc:subfield code="e">voice actor.</marc:subfield></marc:datafield><marc:datafield tag="700" ind1="1" ind2=" "><marc:subfield code="a">Kenny, Tom,</marc:subfield><marc:subfield code="e">voice actor.</marc:subfield></marc:datafield><marc:datafield tag="700" ind1="1" ind2=" "><marc:subfield code="a">Walch, Hynden,</marc:subfield><marc:subfield code="e">voice actor.</marc:subfield></marc:datafield><marc:datafield tag="730" ind1="0" ind2=" "><marc:subfield code="i">Container of (work):</marc:subfield><marc:subfield code="a">Adventure time (Television program).</marc:subfield><marc:subfield code="n">Season 1.</marc:subfield></marc:datafield><marc:datafield tag="730" ind1="0" ind2=" "><marc:subfield code="i">Container of (work):</marc:subfield><marc:subfield code="a">Adventure time (Television program).</marc:subfield><marc:subfield code="n">Season 2.</marc:subfield></marc:datafield><marc:datafield tag="730" ind1="0" ind2=" "><marc:subfield code="i">Container of (work):</marc:subfield><marc:subfield code="a">Adventure time (Television program).</marc:subfield><marc:subfield code="n">Season 3.</marc:subfield></marc:datafield><marc:datafield tag="730" ind1="0" ind2=" "><marc:subfield code="i">Container of (work):</marc:subfield><marc:subfield code="a">Adventure time (Television program).</marc:subfield><marc:subfield code="n">Season 4.</marc:subfield></marc:datafield><marc:datafield tag="730" ind1="0" ind2=" "><marc:subfield code="i">Container of (work):</marc:subfield><marc:subfield code="a">Adventure time (Television program).</marc:subfield><marc:subfield code="n">Season 5.</marc:subfield></marc:datafield><marc:datafield tag="730" ind1="0" ind2=" "><marc:subfield code="i">Container of (work):</marc:subfield><marc:subfield code="a">Adventure time (Television program).</marc:subfield><marc:subfield code="n">Season 6.</marc:subfield></marc:datafield><marc:datafield tag="730" ind1="0" ind2=" "><marc:subfield code="i">Container of (work):</marc:subfield><marc:subfield code="a">Adventure time (Television program).</marc:subfield><marc:subfield code="n">Season 7.</marc:subfield></marc:datafield><marc:datafield tag="730" ind1="0" ind2=" "><marc:subfield code="i">Container of (work):</marc:subfield><marc:subfield code="a">Adventure time (Television program).</marc:subfield><marc:subfield code="n">Season 8.</marc:subfield></marc:datafield></marc:record>